<record><leader>00000cas a22000007a 4500</leader><controlfield tag="001">15134508</controlfield><controlfield tag="008">870130d19861990couwr ne      0   a0eng d</controlfield><datafield ind1=" " ind2=" " tag="010"><subfield code="a">sn 87000104 </subfield></datafield><datafield ind1=" " ind2=" " tag="040"><subfield code="a">NSD</subfield><subfield code="b">eng</subfield><subfield code="c">NSD</subfield><subfield code="d">CNQ</subfield><subfield code="d">NSD</subfield><subfield code="d">CNQ</subfield><subfield code="d">NSD</subfield><subfield code="d">OCLCQ</subfield></datafield><datafield ind1=" " ind2=" " tag="012"><subfield code="j">2</subfield><subfield code="k">1</subfield><subfield code="m">d</subfield></datafield><datafield ind1="1" ind2=" " tag="022"><subfield code="a">0892-2535</subfield><subfield code="l">0892-2535</subfield><subfield code="y">0747-2013</subfield><subfield code="2">1</subfield></datafield><datafield ind1=" " ind2=" " tag="042"><subfield code="a">msc</subfield><subfield code="a">nsdp</subfield></datafield><datafield ind1=" " ind2="0" tag="222"><subfield code="a">Lakewood Jefferson sentinel</subfield><subfield code="b">(1986)</subfield></datafield><datafield ind1="0" ind2="0" tag="245"><subfield code="a">Lakewood Jefferson sentinel.</subfield></datafield><datafield ind1=" " ind2=" " tag="260"><subfield code="a">[Lakewood, Colo.] :</subfield><subfield code="b">Sentinel Pub. Co.</subfield></datafield><datafield ind1=" " ind2=" " tag="310"><subfield code="a">Weekly</subfield></datafield><datafield ind1="0" ind2=" " tag="362"><subfield code="a">60th year, 26th issue (Dec. 31, 1986 and Jan. 1, 1987)- ; v. 67, issue 6 (Sept. 13, 1990).</subfield></datafield><datafield ind1=" " ind2=" " tag="500"><subfield code="a">Issues for &lt;May 19, 1988-&gt; have the masthead title: Lakewood-Jefferson sentinel.</subfield></datafield><datafield ind1=" " ind2=" " tag="530"><subfield code="a">Available on microfilm from the Colorado Historical Society.</subfield></datafield><datafield ind1=" " ind2=" " tag="580"><subfield code="a">Formed by the union of: Lakewood sentinel, and: South Jefferson sentinel.</subfield></datafield><datafield ind1=" " ind2=" " tag="588"><subfield code="a">Latest issue consulted: 61st year, 44th issue (May 19, 1988).</subfield></datafield><datafield ind1=" " ind2=" " tag="752"><subfield code="a">United States</subfield><subfield code="b">Colorado</subfield><subfield code="c">Jefferson</subfield><subfield code="d">Lakewood.</subfield></datafield><datafield ind1="1" ind2="4" tag="780"><subfield code="t">Lakewood sentinel</subfield><subfield code="x">0747-2013</subfield><subfield code="w">(OCoLC)3553155</subfield></datafield><datafield ind1="1" ind2="4" tag="780"><subfield code="t">South Jefferson sentinel</subfield><subfield code="x">0745-9629</subfield><subfield code="w">(OCoLC)9617737</subfield></datafield><datafield ind1="0" ind2="0" tag="785"><subfield code="t">Lakewood sentinel (Denver, Colo. : 1990)</subfield><subfield code="x">1053-6337</subfield><subfield code="w">(DLC)sn 90005502</subfield></datafield></record>